%Bibliografia

%artyku³
@article{dowolna_etykieta_artykulu,
 author               = {Nieznany autor},
 journal              = {Nieznane czasopismo},
 title                = {Nieznany tytu³},
 year                 = {2011},
 }

%ksi¹¿ka
@book{instrukcja,
 author               = {},
 note                 = {},
 publisher            = {https://ftims.edu.p.lodz.pl/file.php/154/zadanie1_20101011.pdf},
 title                = {Instrukcja do zadania 1 na stronie przedmiotu.},
 year                 = {},
}
